%YAML 1.1
%TAG !u! tag:unity3d.com,2011:
--- !u!1001 &100100000
Prefab:
  m_ObjectHideFlags: 1
  serializedVersion: 2
  m_Modification:
    m_TransformParent: {fileID: 0}
    m_Modifications: []
    m_RemovedComponents: []
  m_ParentPrefab: {fileID: 0}
  m_RootGameObject: {fileID: 1513649782878358}
  m_IsPrefabParent: 1
--- !u!1 &1108170348201030
GameObject:
  m_ObjectHideFlags: 1
  m_PrefabParentObject: {fileID: 0}
  m_PrefabInternal: {fileID: 100100000}
  serializedVersion: 5
  m_Component:
  - component: {fileID: 4643228093742110}
  m_Layer: 0
  m_Name: tentacle12
  m_TagString: Untagged
  m_Icon: {fileID: 0}
  m_NavMeshLayer: 0
  m_StaticEditorFlags: 0
  m_IsActive: 1
--- !u!1 &1165297397966654
GameObject:
  m_ObjectHideFlags: 1
  m_PrefabParentObject: {fileID: 0}
  m_PrefabInternal: {fileID: 100100000}
  serializedVersion: 5
  m_Component:
  - component: {fileID: 4274679225458292}
  m_Layer: 0
  m_Name: tentacle3.003
  m_TagString: Untagged
  m_Icon: {fileID: 0}
  m_NavMeshLayer: 0
  m_StaticEditorFlags: 0
  m_IsActive: 1
--- !u!1 &1185498253060030
GameObject:
  m_ObjectHideFlags: 1
  m_PrefabParentObject: {fileID: 0}
  m_PrefabInternal: {fileID: 100100000}
  serializedVersion: 5
  m_Component:
  - component: {fileID: 4608796137299686}
  m_Layer: 0
  m_Name: tentacle15
  m_TagString: Untagged
  m_Icon: {fileID: 0}
  m_NavMeshLayer: 0
  m_StaticEditorFlags: 0
  m_IsActive: 1
--- !u!1 &1208438091751400
GameObject:
  m_ObjectHideFlags: 0
  m_PrefabParentObject: {fileID: 0}
  m_PrefabInternal: {fileID: 100100000}
  serializedVersion: 5
  m_Component:
  - component: {fileID: 4277048340139942}
  - component: {fileID: 137313176491933896}
  m_Layer: 0
  m_Name: Medusa
  m_TagString: Untagged
  m_Icon: {fileID: 0}
  m_NavMeshLayer: 0
  m_StaticEditorFlags: 0
  m_IsActive: 1
--- !u!1 &1246318092586264
GameObject:
  m_ObjectHideFlags: 1
  m_PrefabParentObject: {fileID: 0}
  m_PrefabInternal: {fileID: 100100000}
  serializedVersion: 5
  m_Component:
  - component: {fileID: 4522000135866790}
  m_Layer: 0
  m_Name: tentacle9
  m_TagString: Untagged
  m_Icon: {fileID: 0}
  m_NavMeshLayer: 0
  m_StaticEditorFlags: 0
  m_IsActive: 1
--- !u!1 &1251410801285652
GameObject:
  m_ObjectHideFlags: 1
  m_PrefabParentObject: {fileID: 0}
  m_PrefabInternal: {fileID: 100100000}
  serializedVersion: 5
  m_Component:
  - component: {fileID: 4952963393954412}
  m_Layer: 0
  m_Name: tentacle10_end
  m_TagString: Untagged
  m_Icon: {fileID: 0}
  m_NavMeshLayer: 0
  m_StaticEditorFlags: 0
  m_IsActive: 1
--- !u!1 &1277996430268202
GameObject:
  m_ObjectHideFlags: 1
  m_PrefabParentObject: {fileID: 0}
  m_PrefabInternal: {fileID: 100100000}
  serializedVersion: 5
  m_Component:
  - component: {fileID: 4818996729853508}
  m_Layer: 0
  m_Name: tentacle13
  m_TagString: Untagged
  m_Icon: {fileID: 0}
  m_NavMeshLayer: 0
  m_StaticEditorFlags: 0
  m_IsActive: 1
--- !u!1 &1283068644790256
GameObject:
  m_ObjectHideFlags: 1
  m_PrefabParentObject: {fileID: 0}
  m_PrefabInternal: {fileID: 100100000}
  serializedVersion: 5
  m_Component:
  - component: {fileID: 4559140070229952}
  m_Layer: 0
  m_Name: tentacle18
  m_TagString: Untagged
  m_Icon: {fileID: 0}
  m_NavMeshLayer: 0
  m_StaticEditorFlags: 0
  m_IsActive: 1
--- !u!1 &1334915603509032
GameObject:
  m_ObjectHideFlags: 1
  m_PrefabParentObject: {fileID: 0}
  m_PrefabInternal: {fileID: 100100000}
  serializedVersion: 5
  m_Component:
  - component: {fileID: 4276487914597326}
  m_Layer: 0
  m_Name: tentacle11
  m_TagString: Untagged
  m_Icon: {fileID: 0}
  m_NavMeshLayer: 0
  m_StaticEditorFlags: 0
  m_IsActive: 1
--- !u!1 &1385022048982940
GameObject:
  m_ObjectHideFlags: 1
  m_PrefabParentObject: {fileID: 0}
  m_PrefabInternal: {fileID: 100100000}
  serializedVersion: 5
  m_Component:
  - component: {fileID: 4725532057910120}
  m_Layer: 0
  m_Name: tentacle16_end
  m_TagString: Untagged
  m_Icon: {fileID: 0}
  m_NavMeshLayer: 0
  m_StaticEditorFlags: 0
  m_IsActive: 1
--- !u!1 &1438740740402010
GameObject:
  m_ObjectHideFlags: 0
  m_PrefabParentObject: {fileID: 0}
  m_PrefabInternal: {fileID: 100100000}
  serializedVersion: 5
  m_Component:
  - component: {fileID: 4091079163768476}
  - component: {fileID: 137229820224881952}
  m_Layer: 0
  m_Name: MedusaLOD
  m_TagString: Untagged
  m_Icon: {fileID: 0}
  m_NavMeshLayer: 0
  m_StaticEditorFlags: 0
  m_IsActive: 1
--- !u!1 &1449097964667496
GameObject:
  m_ObjectHideFlags: 1
  m_PrefabParentObject: {fileID: 0}
  m_PrefabInternal: {fileID: 100100000}
  serializedVersion: 5
  m_Component:
  - component: {fileID: 4872754085301008}
  m_Layer: 0
  m_Name: tentacle19_end
  m_TagString: Untagged
  m_Icon: {fileID: 0}
  m_NavMeshLayer: 0
  m_StaticEditorFlags: 0
  m_IsActive: 1
--- !u!1 &1492122827607358
GameObject:
  m_ObjectHideFlags: 1
  m_PrefabParentObject: {fileID: 0}
  m_PrefabInternal: {fileID: 100100000}
  serializedVersion: 5
  m_Component:
  - component: {fileID: 4842279345890884}
  m_Layer: 0
  m_Name: tentacle3.003_end
  m_TagString: Untagged
  m_Icon: {fileID: 0}
  m_NavMeshLayer: 0
  m_StaticEditorFlags: 0
  m_IsActive: 1
--- !u!1 &1513649782878358
GameObject:
  m_ObjectHideFlags: 0
  m_PrefabParentObject: {fileID: 0}
  m_PrefabInternal: {fileID: 100100000}
  serializedVersion: 5
  m_Component:
  - component: {fileID: 4639532888232562}
  - component: {fileID: 111262472693545042}
  - component: {fileID: 205655347638235764}
  - component: {fileID: 114109617762034904}
  - component: {fileID: 195352893061833740}
  m_Layer: 0
  m_Name: jellyfish
  m_TagString: JellyFish
  m_Icon: {fileID: 0}
  m_NavMeshLayer: 0
  m_StaticEditorFlags: 0
  m_IsActive: 1
--- !u!1 &1520146780725242
GameObject:
  m_ObjectHideFlags: 1
  m_PrefabParentObject: {fileID: 0}
  m_PrefabInternal: {fileID: 100100000}
  serializedVersion: 5
  m_Component:
  - component: {fileID: 4987451223754058}
  m_Layer: 0
  m_Name: tentacle8
  m_TagString: Untagged
  m_Icon: {fileID: 0}
  m_NavMeshLayer: 0
  m_StaticEditorFlags: 0
  m_IsActive: 1
--- !u!1 &1564579274266306
GameObject:
  m_ObjectHideFlags: 1
  m_PrefabParentObject: {fileID: 0}
  m_PrefabInternal: {fileID: 100100000}
  serializedVersion: 5
  m_Component:
  - component: {fileID: 4660544266608644}
  m_Layer: 0
  m_Name: tentacle2.003
  m_TagString: Untagged
  m_Icon: {fileID: 0}
  m_NavMeshLayer: 0
  m_StaticEditorFlags: 0
  m_IsActive: 1
--- !u!1 &1573791243138604
GameObject:
  m_ObjectHideFlags: 1
  m_PrefabParentObject: {fileID: 0}
  m_PrefabInternal: {fileID: 100100000}
  serializedVersion: 5
  m_Component:
  - component: {fileID: 4242474064175116}
  m_Layer: 0
  m_Name: Head
  m_TagString: Untagged
  m_Icon: {fileID: 0}
  m_NavMeshLayer: 0
  m_StaticEditorFlags: 0
  m_IsActive: 1
--- !u!1 &1632558518361998
GameObject:
  m_ObjectHideFlags: 1
  m_PrefabParentObject: {fileID: 0}
  m_PrefabInternal: {fileID: 100100000}
  serializedVersion: 5
  m_Component:
  - component: {fileID: 4531887912063402}
  m_Layer: 0
  m_Name: tentacle19
  m_TagString: Untagged
  m_Icon: {fileID: 0}
  m_NavMeshLayer: 0
  m_StaticEditorFlags: 0
  m_IsActive: 1
--- !u!1 &1640088539489736
GameObject:
  m_ObjectHideFlags: 1
  m_PrefabParentObject: {fileID: 0}
  m_PrefabInternal: {fileID: 100100000}
  serializedVersion: 5
  m_Component:
  - component: {fileID: 4751096750773074}
  m_Layer: 0
  m_Name: tentacle13_end
  m_TagString: Untagged
  m_Icon: {fileID: 0}
  m_NavMeshLayer: 0
  m_StaticEditorFlags: 0
  m_IsActive: 1
--- !u!1 &1678147634676644
GameObject:
  m_ObjectHideFlags: 1
  m_PrefabParentObject: {fileID: 0}
  m_PrefabInternal: {fileID: 100100000}
  serializedVersion: 5
  m_Component:
  - component: {fileID: 4384019083282922}
  m_Layer: 0
  m_Name: tentacle3
  m_TagString: Untagged
  m_Icon: {fileID: 0}
  m_NavMeshLayer: 0
  m_StaticEditorFlags: 0
  m_IsActive: 1
--- !u!1 &1766048882001268
GameObject:
  m_ObjectHideFlags: 1
  m_PrefabParentObject: {fileID: 0}
  m_PrefabInternal: {fileID: 100100000}
  serializedVersion: 5
  m_Component:
  - component: {fileID: 4458262692849450}
  m_Layer: 0
  m_Name: tentacle2
  m_TagString: Untagged
  m_Icon: {fileID: 0}
  m_NavMeshLayer: 0
  m_StaticEditorFlags: 0
  m_IsActive: 1
--- !u!1 &1793676166517242
GameObject:
  m_ObjectHideFlags: 1
  m_PrefabParentObject: {fileID: 0}
  m_PrefabInternal: {fileID: 100100000}
  serializedVersion: 5
  m_Component:
  - component: {fileID: 4291396620928990}
  m_Layer: 0
  m_Name: tentacle3_end
  m_TagString: Untagged
  m_Icon: {fileID: 0}
  m_NavMeshLayer: 0
  m_StaticEditorFlags: 0
  m_IsActive: 1
--- !u!1 &1810321782799646
GameObject:
  m_ObjectHideFlags: 1
  m_PrefabParentObject: {fileID: 0}
  m_PrefabInternal: {fileID: 100100000}
  serializedVersion: 5
  m_Component:
  - component: {fileID: 4163865147227142}
  m_Layer: 0
  m_Name: tentacle10
  m_TagString: Untagged
  m_Icon: {fileID: 0}
  m_NavMeshLayer: 0
  m_StaticEditorFlags: 0
  m_IsActive: 1
--- !u!1 &1866770431680710
GameObject:
  m_ObjectHideFlags: 1
  m_PrefabParentObject: {fileID: 0}
  m_PrefabInternal: {fileID: 100100000}
  serializedVersion: 5
  m_Component:
  - component: {fileID: 4487745186765886}
  m_Layer: 0
  m_Name: tentacle1.003
  m_TagString: Untagged
  m_Icon: {fileID: 0}
  m_NavMeshLayer: 0
  m_StaticEditorFlags: 0
  m_IsActive: 1
--- !u!1 &1872710301875356
GameObject:
  m_ObjectHideFlags: 0
  m_PrefabParentObject: {fileID: 0}
  m_PrefabInternal: {fileID: 100100000}
  serializedVersion: 5
  m_Component:
  - component: {fileID: 4020053326492978}
  m_Layer: 0
  m_Name: MedusaSea
  m_TagString: Untagged
  m_Icon: {fileID: 0}
  m_NavMeshLayer: 0
  m_StaticEditorFlags: 0
  m_IsActive: 1
--- !u!1 &1883454221477072
GameObject:
  m_ObjectHideFlags: 1
  m_PrefabParentObject: {fileID: 0}
  m_PrefabInternal: {fileID: 100100000}
  serializedVersion: 5
  m_Component:
  - component: {fileID: 4045511155655396}
  m_Layer: 0
  m_Name: tentacle17
  m_TagString: Untagged
  m_Icon: {fileID: 0}
  m_NavMeshLayer: 0
  m_StaticEditorFlags: 0
  m_IsActive: 1
--- !u!1 &1927387811394428
GameObject:
  m_ObjectHideFlags: 1
  m_PrefabParentObject: {fileID: 0}
  m_PrefabInternal: {fileID: 100100000}
  serializedVersion: 5
  m_Component:
  - component: {fileID: 4472309659508788}
  m_Layer: 0
  m_Name: tentacle1
  m_TagString: Untagged
  m_Icon: {fileID: 0}
  m_NavMeshLayer: 0
  m_StaticEditorFlags: 0
  m_IsActive: 1
--- !u!1 &1937600239661310
GameObject:
  m_ObjectHideFlags: 1
  m_PrefabParentObject: {fileID: 0}
  m_PrefabInternal: {fileID: 100100000}
  serializedVersion: 5
  m_Component:
  - component: {fileID: 4219551173557088}
  m_Layer: 0
  m_Name: tentacle14
  m_TagString: Untagged
  m_Icon: {fileID: 0}
  m_NavMeshLayer: 0
  m_StaticEditorFlags: 0
  m_IsActive: 1
--- !u!1 &1956819768980912
GameObject:
  m_ObjectHideFlags: 1
  m_PrefabParentObject: {fileID: 0}
  m_PrefabInternal: {fileID: 100100000}
  serializedVersion: 5
  m_Component:
  - component: {fileID: 4208040660188172}
  m_Layer: 0
  m_Name: tentacle16
  m_TagString: Untagged
  m_Icon: {fileID: 0}
  m_NavMeshLayer: 0
  m_StaticEditorFlags: 0
  m_IsActive: 1
--- !u!4 &4020053326492978
Transform:
  m_ObjectHideFlags: 1
  m_PrefabParentObject: {fileID: 0}
  m_PrefabInternal: {fileID: 100100000}
  m_GameObject: {fileID: 1872710301875356}
  m_LocalRotation: {x: -0.7071068, y: 0, z: -0, w: 0.7071068}
  m_LocalPosition: {x: -0.009697191, y: 1.5297488, z: 0.35576773}
  m_LocalScale: {x: 1, y: 1, z: 1}
  m_Children:
  - {fileID: 4242474064175116}
  m_Father: {fileID: 4639532888232562}
  m_RootOrder: 2
  m_LocalEulerAnglesHint: {x: 0, y: 0, z: 0}
--- !u!4 &4045511155655396
Transform:
  m_ObjectHideFlags: 1
  m_PrefabParentObject: {fileID: 0}
  m_PrefabInternal: {fileID: 100100000}
  m_GameObject: {fileID: 1883454221477072}
  m_LocalRotation: {x: 0.71694595, y: 0.27737623, z: 0.63925964, w: -0.019951066}
  m_LocalPosition: {x: 0.23045404, y: 0.000000018335413, z: 0.102253444}
  m_LocalScale: {x: 1.0000002, y: 1.0000001, z: 0.9999998}
  m_Children:
  - {fileID: 4559140070229952}
  m_Father: {fileID: 4242474064175116}
  m_RootOrder: 5
  m_LocalEulerAnglesHint: {x: 0, y: 0, z: 0}
--- !u!4 &4091079163768476
Transform:
  m_ObjectHideFlags: 1
  m_PrefabParentObject: {fileID: 0}
  m_PrefabInternal: {fileID: 100100000}
  m_GameObject: {fileID: 1438740740402010}
  m_LocalRotation: {x: -0.70966536, y: 0.013676593, z: 0.0093783, w: 0.70434374}
  m_LocalPosition: {x: -0.058357943, y: 1.5207844, z: 0.00000020861626}
  m_LocalScale: {x: 0.9999998, y: 0.9999998, z: 0.99999994}
  m_Children: []
  m_Father: {fileID: 4639532888232562}
  m_RootOrder: 1
  m_LocalEulerAnglesHint: {x: 0, y: 0, z: 0}
--- !u!4 &4163865147227142
Transform:
  m_ObjectHideFlags: 1
  m_PrefabParentObject: {fileID: 0}
  m_PrefabInternal: {fileID: 100100000}
  m_GameObject: {fileID: 1810321782799646}
  m_LocalRotation: {x: 0.22118439, y: 0.95624286, z: -0.18990022, w: 0.0248001}
  m_LocalPosition: {x: 0.0000000055879354, y: 0.5988742, z: 0.000000013504177}
  m_LocalScale: {x: 0.99999994, y: 1.0000001, z: 1}
  m_Children:
  - {fileID: 4952963393954412}
  m_Father: {fileID: 4987451223754058}
  m_RootOrder: 0
  m_LocalEulerAnglesHint: {x: 0, y: 0, z: 0}
--- !u!4 &4208040660188172
Transform:
  m_ObjectHideFlags: 1
  m_PrefabParentObject: {fileID: 0}
  m_PrefabInternal: {fileID: 100100000}
  m_GameObject: {fileID: 1956819768980912}
  m_LocalRotation: {x: 0.038636208, y: 0.9873848, z: 0.06884173, w: -0.13725673}
  m_LocalPosition: {x: -0.000000016298145, y: 0.6531525, z: -0.000000009313226}
  m_LocalScale: {x: 1, y: 0.99999994, z: 0.99999976}
  m_Children:
  - {fileID: 4725532057910120}
  m_Father: {fileID: 4608796137299686}
  m_RootOrder: 0
  m_LocalEulerAnglesHint: {x: 0, y: 0, z: 0}
--- !u!4 &4219551173557088
Transform:
  m_ObjectHideFlags: 1
  m_PrefabParentObject: {fileID: 0}
  m_PrefabInternal: {fileID: 100100000}
  m_GameObject: {fileID: 1937600239661310}
  m_LocalRotation: {x: 0.6920235, y: 0.18207143, z: 0.69126576, w: 0.10052398}
  m_LocalPosition: {x: -0.21509755, y: -0.00000047279173, z: 0.15949188}
  m_LocalScale: {x: 0.9999988, y: 0.99999976, z: 0.99999464}
  m_Children:
  - {fileID: 4608796137299686}
  m_Father: {fileID: 4242474064175116}
  m_RootOrder: 4
  m_LocalEulerAnglesHint: {x: 0, y: 0, z: 0}
--- !u!4 &4242474064175116
Transform:
  m_ObjectHideFlags: 1
  m_PrefabParentObject: {fileID: 0}
  m_PrefabInternal: {fileID: 100100000}
  m_GameObject: {fileID: 1573791243138604}
  m_LocalRotation: {x: 0.99996513, y: 0.005994305, z: -0.0058045704, w: 0.00038325883}
  m_LocalPosition: {x: -0.011041235, y: 0.35061663, z: -0.17738296}
  m_LocalScale: {x: 0.99999, y: 0.8990061, z: 0.9995463}
  m_Children:
  - {fileID: 4472309659508788}
  - {fileID: 4487745186765886}
  - {fileID: 4522000135866790}
  - {fileID: 4276487914597326}
  - {fileID: 4219551173557088}
  - {fileID: 4045511155655396}
  m_Father: {fileID: 4020053326492978}
  m_RootOrder: 0
  m_LocalEulerAnglesHint: {x: 0, y: 0, z: 0}
--- !u!4 &4274679225458292
Transform:
  m_ObjectHideFlags: 1
  m_PrefabParentObject: {fileID: 0}
  m_PrefabInternal: {fileID: 100100000}
  m_GameObject: {fileID: 1165297397966654}
  m_LocalRotation: {x: 0.08821124, y: 0.97742426, z: -0.18915561, w: -0.032876126}
  m_LocalPosition: {x: -0.0000000037252903, y: 0.5593274, z: 0.000000019557774}
  m_LocalScale: {x: 0.99999994, y: 1.0000001, z: 1}
  m_Children:
  - {fileID: 4842279345890884}
  m_Father: {fileID: 4660544266608644}
  m_RootOrder: 0
  m_LocalEulerAnglesHint: {x: 0, y: 0, z: 0}
--- !u!4 &4276487914597326
Transform:
  m_ObjectHideFlags: 1
  m_PrefabParentObject: {fileID: 0}
  m_PrefabInternal: {fileID: 100100000}
  m_GameObject: {fileID: 1334915603509032}
  m_LocalRotation: {x: 0.70584685, y: -0.013491787, z: 0.6962933, w: 0.1295138}
  m_LocalPosition: {x: -0.20710705, y: -0.00000011075463, z: -0.15712908}
  m_LocalScale: {x: 0.9999923, y: 0.99999875, z: 0.9999991}
  m_Children:
  - {fileID: 4643228093742110}
  m_Father: {fileID: 4242474064175116}
  m_RootOrder: 3
  m_LocalEulerAnglesHint: {x: 0, y: 0, z: 0}
--- !u!4 &4277048340139942
Transform:
  m_ObjectHideFlags: 1
  m_PrefabParentObject: {fileID: 0}
  m_PrefabInternal: {fileID: 100100000}
  m_GameObject: {fileID: 1208438091751400}
  m_LocalRotation: {x: -0.70966536, y: 0.013676593, z: 0.0093783, w: 0.70434374}
  m_LocalPosition: {x: -0.058357943, y: 1.5207844, z: 0.00000020861626}
  m_LocalScale: {x: 0.9999998, y: 0.9999998, z: 0.99999994}
  m_Children: []
  m_Father: {fileID: 4639532888232562}
  m_RootOrder: 0
  m_LocalEulerAnglesHint: {x: 0, y: 0, z: 0}
--- !u!4 &4291396620928990
Transform:
  m_ObjectHideFlags: 1
  m_PrefabParentObject: {fileID: 0}
  m_PrefabInternal: {fileID: 100100000}
  m_GameObject: {fileID: 1793676166517242}
  m_LocalRotation: {x: 0, y: -0, z: -0, w: 1}
  m_LocalPosition: {x: -0, y: 0.60107476, z: 0}
  m_LocalScale: {x: 1, y: 1, z: 1}
  m_Children: []
  m_Father: {fileID: 4384019083282922}
  m_RootOrder: 0
  m_LocalEulerAnglesHint: {x: 0, y: 0, z: 0}
--- !u!4 &4384019083282922
Transform:
  m_ObjectHideFlags: 1
  m_PrefabParentObject: {fileID: 0}
  m_PrefabInternal: {fileID: 100100000}
  m_GameObject: {fileID: 1678147634676644}
  m_LocalRotation: {x: -0.112825744, y: 0.9470203, z: 0.02162256, w: -0.2999256}
  m_LocalPosition: {x: 0.000000051688403, y: 0.58903885, z: 0.0000000018626451}
  m_LocalScale: {x: 0.99999994, y: 1.0000002, z: 1.0000001}
  m_Children:
  - {fileID: 4291396620928990}
  m_Father: {fileID: 4458262692849450}
  m_RootOrder: 0
  m_LocalEulerAnglesHint: {x: 0, y: 0, z: 0}
--- !u!4 &4458262692849450
Transform:
  m_ObjectHideFlags: 1
  m_PrefabParentObject: {fileID: 0}
  m_PrefabInternal: {fileID: 100100000}
  m_GameObject: {fileID: 1766048882001268}
  m_LocalRotation: {x: -0.05210384, y: 0.015038817, z: 0.10364595, w: 0.99313474}
  m_LocalPosition: {x: -9.313226e-10, y: 0.26670054, z: -0.000000007450581}
  m_LocalScale: {x: 0.9999999, y: 0.99999976, z: 0.99999976}
  m_Children:
  - {fileID: 4384019083282922}
  m_Father: {fileID: 4472309659508788}
  m_RootOrder: 0
  m_LocalEulerAnglesHint: {x: 0, y: 0, z: 0}
--- !u!4 &4472309659508788
Transform:
  m_ObjectHideFlags: 1
  m_PrefabParentObject: {fileID: 0}
  m_PrefabInternal: {fileID: 100100000}
  m_GameObject: {fileID: 1927387811394428}
  m_LocalRotation: {x: 0.7395847, y: 0.18289846, z: 0.64421487, w: 0.06745353}
  m_LocalPosition: {x: 0.019307144, y: 0.00000003733294, z: 0.2812759}
  m_LocalScale: {x: 1, y: 1, z: 1.0000007}
  m_Children:
  - {fileID: 4458262692849450}
  m_Father: {fileID: 4242474064175116}
  m_RootOrder: 0
  m_LocalEulerAnglesHint: {x: 0, y: 0, z: 0}
--- !u!4 &4487745186765886
Transform:
  m_ObjectHideFlags: 1
  m_PrefabParentObject: {fileID: 0}
  m_PrefabInternal: {fileID: 100100000}
  m_GameObject: {fileID: 1866770431680710}
  m_LocalRotation: {x: 0.7588721, y: 0.048447486, z: 0.60815465, w: -0.22784628}
  m_LocalPosition: {x: 0.29147398, y: -0.000000101343176, z: -0.105233654}
  m_LocalScale: {x: 1.0000005, y: 1, z: 1.0000001}
  m_Children:
  - {fileID: 4660544266608644}
  m_Father: {fileID: 4242474064175116}
  m_RootOrder: 1
  m_LocalEulerAnglesHint: {x: 0, y: 0, z: 0}
--- !u!4 &4522000135866790
Transform:
  m_ObjectHideFlags: 1
  m_PrefabParentObject: {fileID: 0}
  m_PrefabInternal: {fileID: 100100000}
  m_GameObject: {fileID: 1246318092586264}
  m_LocalRotation: {x: 0.6995395, y: 0.06352383, z: 0.7114951, w: -0.019595249}
  m_LocalPosition: {x: 0.017655162, y: -0.000000104388164, z: -0.3097193}
  m_LocalScale: {x: 1.0000343, y: 1.0000001, z: 1.0000412}
  m_Children:
  - {fileID: 4987451223754058}
  m_Father: {fileID: 4242474064175116}
  m_RootOrder: 2
  m_LocalEulerAnglesHint: {x: 0, y: 0, z: 0}
--- !u!4 &4531887912063402
Transform:
  m_ObjectHideFlags: 1
  m_PrefabParentObject: {fileID: 0}
  m_PrefabInternal: {fileID: 100100000}
  m_GameObject: {fileID: 1632558518361998}
  m_LocalRotation: {x: -0.1774524, y: 0.980774, z: -0.08010531, w: 0.013275284}
  m_LocalPosition: {x: 0.000000023283064, y: 0.6014792, z: -0.00000004703179}
  m_LocalScale: {x: 1, y: 1.0000001, z: 1}
  m_Children:
  - {fileID: 4872754085301008}
  m_Father: {fileID: 4559140070229952}
  m_RootOrder: 0
  m_LocalEulerAnglesHint: {x: 0, y: 0, z: 0}
--- !u!4 &4559140070229952
Transform:
  m_ObjectHideFlags: 1
  m_PrefabParentObject: {fileID: 0}
  m_PrefabInternal: {fileID: 100100000}
  m_GameObject: {fileID: 1283068644790256}
  m_LocalRotation: {x: -0.24658494, y: 0.022980908, z: 0.11865373, w: 0.96155554}
  m_LocalPosition: {x: -0.00000001816079, y: 0.29295778, z: -0.000000023748726}
  m_LocalScale: {x: 1.0000001, y: 1, z: 1.0000001}
  m_Children:
  - {fileID: 4531887912063402}
  m_Father: {fileID: 4045511155655396}
  m_RootOrder: 0
  m_LocalEulerAnglesHint: {x: 0, y: 0, z: 0}
--- !u!4 &4608796137299686
Transform:
  m_ObjectHideFlags: 1
  m_PrefabParentObject: {fileID: 0}
  m_PrefabInternal: {fileID: 100100000}
  m_GameObject: {fileID: 1185498253060030}
  m_LocalRotation: {x: 0.02480233, y: 0.027195977, z: 0.22866474, w: 0.9728092}
  m_LocalPosition: {x: 0.000000014901161, y: 0.2724406, z: -0.000000008381903}
  m_LocalScale: {x: 0.99999994, y: 0.9999999, z: 0.99999976}
  m_Children:
  - {fileID: 4208040660188172}
  m_Father: {fileID: 4219551173557088}
  m_RootOrder: 0
  m_LocalEulerAnglesHint: {x: 0, y: 0, z: 0}
--- !u!4 &4639532888232562
Transform:
  m_ObjectHideFlags: 1
  m_PrefabParentObject: {fileID: 0}
  m_PrefabInternal: {fileID: 100100000}
  m_GameObject: {fileID: 1513649782878358}
  m_LocalRotation: {x: 0, y: 0, z: 0, w: 1}
  m_LocalPosition: {x: -0.11993313, y: 0.00000011920929, z: -6.710449}
  m_LocalScale: {x: 0.4410457, y: 0.44104603, z: 0.44104603}
  m_Children:
  - {fileID: 4277048340139942}
  - {fileID: 4091079163768476}
  - {fileID: 4020053326492978}
  m_Father: {fileID: 0}
  m_RootOrder: 0
  m_LocalEulerAnglesHint: {x: 0, y: 0, z: 0}
--- !u!4 &4643228093742110
Transform:
  m_ObjectHideFlags: 1
  m_PrefabParentObject: {fileID: 0}
  m_PrefabInternal: {fileID: 100100000}
  m_GameObject: {fileID: 1108170348201030}
  m_LocalRotation: {x: 0.20728247, y: 0.021034176, z: 0.02397978, w: 0.977761}
  m_LocalPosition: {x: -9.313226e-10, y: 0.2900072, z: -0.000000009371433}
  m_LocalScale: {x: 0.9999999, y: 0.9999999, z: 1}
  m_Children:
  - {fileID: 4818996729853508}
  m_Father: {fileID: 4276487914597326}
  m_RootOrder: 0
  m_LocalEulerAnglesHint: {x: 0, y: 0, z: 0}
--- !u!4 &4660544266608644
Transform:
  m_ObjectHideFlags: 1
  m_PrefabParentObject: {fileID: 0}
  m_PrefabInternal: {fileID: 100100000}
  m_GameObject: {fileID: 1564579274266306}
  m_LocalRotation: {x: -0.17491281, y: 0.06811814, z: -0.16977437, w: 0.967441}
  m_LocalPosition: {x: 0.000000016763806, y: 0.33365172, z: 0.000000013504177}
  m_LocalScale: {x: 1, y: 1, z: 1}
  m_Children:
  - {fileID: 4274679225458292}
  m_Father: {fileID: 4487745186765886}
  m_RootOrder: 0
  m_LocalEulerAnglesHint: {x: 0, y: 0, z: 0}
--- !u!4 &4725532057910120
Transform:
  m_ObjectHideFlags: 1
  m_PrefabParentObject: {fileID: 0}
  m_PrefabInternal: {fileID: 100100000}
  m_GameObject: {fileID: 1385022048982940}
  m_LocalRotation: {x: 0, y: -0, z: -0, w: 1}
  m_LocalPosition: {x: -0, y: 0.52675354, z: 0}
  m_LocalScale: {x: 1, y: 1, z: 1}
  m_Children: []
  m_Father: {fileID: 4208040660188172}
  m_RootOrder: 0
  m_LocalEulerAnglesHint: {x: 0, y: 0, z: 0}
--- !u!4 &4751096750773074
Transform:
  m_ObjectHideFlags: 1
  m_PrefabParentObject: {fileID: 0}
  m_PrefabInternal: {fileID: 100100000}
  m_GameObject: {fileID: 1640088539489736}
  m_LocalRotation: {x: 0, y: -0, z: -0, w: 1}
  m_LocalPosition: {x: -0, y: 0.55150574, z: 0}
  m_LocalScale: {x: 1, y: 1, z: 1}
  m_Children: []
  m_Father: {fileID: 4818996729853508}
  m_RootOrder: 0
  m_LocalEulerAnglesHint: {x: 0, y: 0, z: 0}
--- !u!4 &4818996729853508
Transform:
  m_ObjectHideFlags: 1
  m_PrefabParentObject: {fileID: 0}
  m_PrefabInternal: {fileID: 100100000}
  m_GameObject: {fileID: 1277996430268202}
  m_LocalRotation: {x: 0.09691689, y: 0.98609656, z: -0.08878234, w: 0.10167839}
  m_LocalPosition: {x: 0.0000000037252903, y: 0.61367524, z: -0.000000029074727}
  m_LocalScale: {x: 0.9999999, y: 0.99999994, z: 0.9999999}
  m_Children:
  - {fileID: 4751096750773074}
  m_Father: {fileID: 4643228093742110}
  m_RootOrder: 0
  m_LocalEulerAnglesHint: {x: 0, y: 0, z: 0}
--- !u!4 &4842279345890884
Transform:
  m_ObjectHideFlags: 1
  m_PrefabParentObject: {fileID: 0}
  m_PrefabInternal: {fileID: 100100000}
  m_GameObject: {fileID: 1492122827607358}
  m_LocalRotation: {x: 0, y: -0, z: -0, w: 1}
  m_LocalPosition: {x: -0, y: 0.57135904, z: 0}
  m_LocalScale: {x: 1, y: 1, z: 1}
  m_Children: []
  m_Father: {fileID: 4274679225458292}
  m_RootOrder: 0
  m_LocalEulerAnglesHint: {x: 0, y: 0, z: 0}
--- !u!4 &4872754085301008
Transform:
  m_ObjectHideFlags: 1
  m_PrefabParentObject: {fileID: 0}
  m_PrefabInternal: {fileID: 100100000}
  m_GameObject: {fileID: 1449097964667496}
  m_LocalRotation: {x: 0, y: -0, z: -0, w: 1}
  m_LocalPosition: {x: -0, y: 0.5796926, z: 0}
  m_LocalScale: {x: 1, y: 1, z: 1}
  m_Children: []
  m_Father: {fileID: 4531887912063402}
  m_RootOrder: 0
  m_LocalEulerAnglesHint: {x: 0, y: 0, z: 0}
--- !u!4 &4952963393954412
Transform:
  m_ObjectHideFlags: 1
  m_PrefabParentObject: {fileID: 0}
  m_PrefabInternal: {fileID: 100100000}
  m_GameObject: {fileID: 1251410801285652}
  m_LocalRotation: {x: 0, y: -0, z: -0, w: 1}
  m_LocalPosition: {x: -0, y: 0.54972106, z: 0}
  m_LocalScale: {x: 1, y: 1, z: 1}
  m_Children: []
  m_Father: {fileID: 4163865147227142}
  m_RootOrder: 0
  m_LocalEulerAnglesHint: {x: 0, y: 0, z: 0}
--- !u!4 &4987451223754058
Transform:
  m_ObjectHideFlags: 1
  m_PrefabParentObject: {fileID: 0}
  m_PrefabInternal: {fileID: 100100000}
  m_GameObject: {fileID: 1520146780725242}
  m_LocalRotation: {x: 0.035337474, y: 0.0028588271, z: 0.019661054, w: 0.999178}
  m_LocalPosition: {x: 0.000000016065314, y: 0.30175197, z: 0.0000000030267984}
  m_LocalScale: {x: 0.9999999, y: 0.99999994, z: 0.9999999}
  m_Children:
  - {fileID: 4163865147227142}
  m_Father: {fileID: 4522000135866790}
  m_RootOrder: 0
  m_LocalEulerAnglesHint: {x: 0, y: 0, z: 0}
--- !u!111 &111262472693545042
Animation:
  m_ObjectHideFlags: 1
  m_PrefabParentObject: {fileID: 0}
  m_PrefabInternal: {fileID: 100100000}
  m_GameObject: {fileID: 1513649782878358}
  m_Enabled: 1
  serializedVersion: 3
  m_Animation: {fileID: 7400002, guid: 2f6cb2d5752b93145954ccf674ab2401, type: 3}
  m_Animations:
  - {fileID: 7400000, guid: 2f6cb2d5752b93145954ccf674ab2401, type: 3}
  - {fileID: 7400002, guid: 2f6cb2d5752b93145954ccf674ab2401, type: 3}
  - {fileID: 7400008, guid: 2f6cb2d5752b93145954ccf674ab2401, type: 3}
  m_WrapMode: 0
  m_PlayAutomatically: 1
  m_AnimatePhysics: 0
  m_CullingType: 1
--- !u!114 &114109617762034904
MonoBehaviour:
  m_ObjectHideFlags: 1
  m_PrefabParentObject: {fileID: 0}
  m_PrefabInternal: {fileID: 100100000}
  m_GameObject: {fileID: 1513649782878358}
  m_Enabled: 1
  m_EditorHideFlags: 0
  m_Script: {fileID: 11500000, guid: 34275996db2f2134880f6b3a70d59d20, type: 3}
  m_Name: 
  m_EditorClassIdentifier: 
  ediblerange: 2
  range: 10
  speed: 2
  reactionspeedmultiplier: 1
  slowswim: {fileID: 7400008, guid: 2f6cb2d5752b93145954ccf674ab2401, type: 3}
  fastswim: {fileID: 7400008, guid: 2f6cb2d5752b93145954ccf674ab2401, type: 3}
  death: {fileID: 7400000, guid: 2f6cb2d5752b93145954ccf674ab2401, type: 3}
--- !u!137 &137229820224881952
SkinnedMeshRenderer:
  m_ObjectHideFlags: 1
  m_PrefabParentObject: {fileID: 0}
  m_PrefabInternal: {fileID: 100100000}
  m_GameObject: {fileID: 1438740740402010}
  m_Enabled: 1
  m_CastShadows: 1
  m_ReceiveShadows: 1
  m_MotionVectors: 1
  m_LightProbeUsage: 1
  m_ReflectionProbeUsage: 1
  m_Materials:
  - {fileID: 2100000, guid: 45fdfdd010f94b34a8eae142ae1e37df, type: 2}
  - {fileID: 2100000, guid: 4c53927b986f2c14a89f3de2ddec8647, type: 2}
  m_StaticBatchInfo:
    firstSubMesh: 0
    subMeshCount: 0
  m_StaticBatchRoot: {fileID: 0}
  m_ProbeAnchor: {fileID: 0}
  m_LightProbeVolumeOverride: {fileID: 0}
  m_ScaleInLightmap: 1
  m_PreserveUVs: 0
  m_IgnoreNormalsForChartDetection: 0
  m_ImportantGI: 0
  m_SelectedEditorRenderState: 3
  m_MinimumChartSize: 4
  m_AutoUVMaxDistance: 0.5
  m_AutoUVMaxAngle: 89
  m_LightmapParameters: {fileID: 0}
  m_SortingLayerID: 0
  m_SortingLayer: 0
  m_SortingOrder: 0
  serializedVersion: 2
  m_Quality: 0
  m_UpdateWhenOffscreen: 1
  m_SkinnedMotionVectors: 1
  m_Mesh: {fileID: 4300000, guid: 2f6cb2d5752b93145954ccf674ab2401, type: 3}
  m_Bones:
  - {fileID: 4242474064175116}
  - {fileID: 4472309659508788}
  - {fileID: 4458262692849450}
  - {fileID: 4384019083282922}
  - {fileID: 4522000135866790}
  - {fileID: 4987451223754058}
  - {fileID: 4163865147227142}
  - {fileID: 4276487914597326}
  - {fileID: 4643228093742110}
  - {fileID: 4818996729853508}
  - {fileID: 4487745186765886}
  - {fileID: 4660544266608644}
  - {fileID: 4274679225458292}
  - {fileID: 4045511155655396}
  - {fileID: 4559140070229952}
  - {fileID: 4531887912063402}
  - {fileID: 4219551173557088}
  - {fileID: 4608796137299686}
  - {fileID: 4208040660188172}
  m_BlendShapeWeights: []
  m_RootBone: {fileID: 4242474064175116}
  m_AABB:
    m_Center: {x: 0.0024148226, y: -0.20409966, z: -0.030079067}
    m_Extent: {x: 1.5154287, y: 1.2207478, z: 1.3436632}
  m_DirtyAABB: 0
--- !u!137 &137313176491933896
SkinnedMeshRenderer:
  m_ObjectHideFlags: 1
  m_PrefabParentObject: {fileID: 0}
  m_PrefabInternal: {fileID: 100100000}
  m_GameObject: {fileID: 1208438091751400}
  m_Enabled: 1
  m_CastShadows: 1
  m_ReceiveShadows: 1
  m_MotionVectors: 1
  m_LightProbeUsage: 1
  m_ReflectionProbeUsage: 1
  m_Materials:
  - {fileID: 2100000, guid: 45fdfdd010f94b34a8eae142ae1e37df, type: 2}
  - {fileID: 2100000, guid: 4c53927b986f2c14a89f3de2ddec8647, type: 2}
  m_StaticBatchInfo:
    firstSubMesh: 0
    subMeshCount: 0
  m_StaticBatchRoot: {fileID: 0}
  m_ProbeAnchor: {fileID: 0}
  m_LightProbeVolumeOverride: {fileID: 0}
  m_ScaleInLightmap: 1
  m_PreserveUVs: 0
  m_IgnoreNormalsForChartDetection: 0
  m_ImportantGI: 0
  m_SelectedEditorRenderState: 3
  m_MinimumChartSize: 4
  m_AutoUVMaxDistance: 0.5
  m_AutoUVMaxAngle: 89
  m_LightmapParameters: {fileID: 0}
  m_SortingLayerID: 0
  m_SortingLayer: 0
  m_SortingOrder: 0
  serializedVersion: 2
  m_Quality: 0
  m_UpdateWhenOffscreen: 1
  m_SkinnedMotionVectors: 1
  m_Mesh: {fileID: 4300002, guid: 2f6cb2d5752b93145954ccf674ab2401, type: 3}
  m_Bones:
  - {fileID: 4242474064175116}
  - {fileID: 4472309659508788}
  - {fileID: 4458262692849450}
  - {fileID: 4384019083282922}
  - {fileID: 4522000135866790}
  - {fileID: 4987451223754058}
  - {fileID: 4163865147227142}
  - {fileID: 4276487914597326}
  - {fileID: 4643228093742110}
  - {fileID: 4818996729853508}
  - {fileID: 4487745186765886}
  - {fileID: 4660544266608644}
  - {fileID: 4274679225458292}
  - {fileID: 4045511155655396}
  - {fileID: 4559140070229952}
  - {fileID: 4531887912063402}
  - {fileID: 4219551173557088}
  - {fileID: 4608796137299686}
  - {fileID: 4208040660188172}
  m_BlendShapeWeights: []
  m_RootBone: {fileID: 4242474064175116}
  m_AABB:
    m_Center: {x: 0.0024148226, y: -0.20409966, z: -0.030079067}
    m_Extent: {x: 1.5154287, y: 1.2207478, z: 1.3436632}
  m_DirtyAABB: 0
--- !u!195 &195352893061833740
NavMeshAgent:
  m_ObjectHideFlags: 1
  m_PrefabParentObject: {fileID: 0}
  m_PrefabInternal: {fileID: 100100000}
  m_GameObject: {fileID: 1513649782878358}
  m_Enabled: 1
  m_AgentTypeID: 0
  m_Radius: 0.5
  m_Speed: 3.5
  m_Acceleration: 8
  avoidancePriority: 50
  m_AngularSpeed: 120
  m_StoppingDistance: 0
  m_AutoTraverseOffMeshLink: 1
  m_AutoBraking: 1
  m_AutoRepath: 1
  m_Height: 2
  m_BaseOffset: 0
  m_WalkableMask: 4294967295
  m_ObstacleAvoidanceType: 4
--- !u!205 &205655347638235764
LODGroup:
  m_ObjectHideFlags: 1
  m_PrefabParentObject: {fileID: 0}
  m_PrefabInternal: {fileID: 100100000}
  m_GameObject: {fileID: 1513649782878358}
  serializedVersion: 2
  m_LocalReferencePoint: {x: 0.065761805, y: 1.2907934, z: -0.17446017}
  m_Size: 2.388338
  m_FadeMode: 0
  m_AnimateCrossFading: 0
  m_LODs:
  - screenRelativeHeight: 0.36133644
    fadeTransitionWidth: 0
    renderers:
    - renderer: {fileID: 137313176491933896}
  - screenRelativeHeight: 0.09109345
    fadeTransitionWidth: 0
    renderers:
    - renderer: {fileID: 137229820224881952}
  m_Enabled: 1
